<?xml version="1.0" encoding="UTF-8"?><collection xmlns="http://www.loc.gov/MARC21/slim"><record><leader>00575nam--2200145-i-4500</leader><controlfield tag="001">000008598</controlfield><controlfield tag="002">20161230</controlfield><controlfield tag="005">20161230201027</controlfield><controlfield tag="008">060222s1000------------r-----000-0-eng-d</controlfield><datafield ind1=" " ind2=" " tag="080"><subfield code="a">547:539.183</subfield></datafield><datafield ind1=" " ind2=" " tag="100"><subfield code="a">Benfey, Theodor O</subfield></datafield><datafield ind1=" " ind2=" " tag="245"><subfield code="a">Kekule centennial.a symposium co-sponsored by the division of organic chemistry and the divi sion of chemical education at the 150th meetin g of the american chemical society, atlantic city, n.j., sept.15-16, 1965</subfield></datafield><datafield ind1=" " ind2=" " tag="260"><subfield code="a">Washington, American Chemical Society, 1966. Vii + 198 P</subfield></datafield><datafield ind1=" " ind2=" " tag="490"><subfield code="a">Advances In Chemistry,</subfield></datafield><datafield ind1=" " ind2=" " tag="852"><subfield code="a">12136</subfield></datafield></record></collection>